<?xml version="1.0" encoding="UTF-8"?><record xmlns="http://www.loc.gov/MARC21/slim" xmlns:cinclude="http://apache.org/cocoon/include/1.0" xmlns:zs="http://www.loc.gov/zing/srw/">
  <leader>00545cz  a2200157n  4500</leader>
  <controlfield tag="001">n 2010211785</controlfield>
  <controlfield tag="003">DLC</controlfield>
  <controlfield tag="005">20110803083718.0</controlfield>
  <controlfield tag="008">110802n| acannaabn          |a aaa      </controlfield>
  <datafield tag="010" ind1=" " ind2=" ">
    <subfield code="a">n 2010211785</subfield>
  </datafield>
  <datafield tag="040" ind1=" " ind2=" ">
    <subfield code="a">DLC</subfield>
    <subfield code="b">eng</subfield>
    <subfield code="c">DLC</subfield>
  </datafield>
  <datafield tag="053" ind1=" " ind2="0">
    <subfield code="a">PK2099.4.I93756</subfield>
  </datafield>
  <datafield tag="100" ind1="1" ind2=" ">
    <subfield code="a">Tivārī, Manoja,</subfield>
    <subfield code="d">1971-</subfield>
  </datafield>
  <datafield tag="400" ind1="0" ind2=" ">
    <subfield code="a">Manoja Tivārī,</subfield>
    <subfield code="d">1971-</subfield>
  </datafield>
  <datafield tag="400" ind1="1" ind2=" ">
    <subfield code="a">Tiwari, Manoj,</subfield>
    <subfield code="d">1971-</subfield>
  </datafield>
  <datafield tag="670" ind1=" " ind2=" ">
    <subfield code="a">Hafte ke āk̲h̲arī dina, 2010:</subfield>
    <subfield code="b">t.p. (Manoja Tivārī) half t.p. (works for an IT company; Hindi fiction writer; b. May 24, 1971) p. 4 of cover (Manoj Tiwari)</subfield>
  </datafield>
</record>